<record><leader>00000cas a22000007a 4500</leader><controlfield tag="001">20324507</controlfield><controlfield tag="008">890911d18951896pauwr ne      0    0eng d</controlfield><datafield ind1=" " ind2=" " tag="010"><subfield code="a">sn 89077223 </subfield></datafield><datafield ind1=" " ind2=" " tag="040"><subfield code="a">NPH</subfield><subfield code="b">eng</subfield><subfield code="c">NPH</subfield><subfield code="d">OCLCQ</subfield></datafield><datafield ind1=" " ind2=" " tag="042"><subfield code="a">msc</subfield></datafield><datafield ind1="0" ind2=" " tag="130"><subfield code="a">New era (Annville, Pa.)</subfield></datafield><datafield ind1="1" ind2="4" tag="245"><subfield code="a">The new era.</subfield></datafield><datafield ind1=" " ind2=" " tag="260"><subfield code="a">Annville, Pa. :</subfield><subfield code="b">Ira W. Kline,</subfield><subfield code="c">1895-</subfield></datafield><datafield ind1=" " ind2=" " tag="300"><subfield code="a">v. :</subfield><subfield code="b">ill. ;</subfield><subfield code="c">51 cm.</subfield></datafield><datafield ind1=" " ind2=" " tag="310"><subfield code="a">Weekly</subfield></datafield><datafield ind1="0" ind2=" " tag="362"><subfield code="a">Vol. 1, no. 1 (Mar. 15, 1895)-</subfield></datafield><datafield ind1="1" ind2=" " tag="362"><subfield code="a">Ceased in 1896?</subfield></datafield><datafield ind1=" " ind2=" " tag="752"><subfield code="a">United States</subfield><subfield code="b">Pennsylvania</subfield><subfield code="c">Lebanon</subfield><subfield code="d">Annville.</subfield></datafield></record>